<record><leader>00000cas a2200000 a 4500</leader><controlfield tag="001">32158257</controlfield><controlfield tag="008">950316u1975uuuunyuwr ne      0    0eng c</controlfield><datafield ind1=" " ind2=" " tag="010"><subfield code="a">sn 95071145 </subfield></datafield><datafield ind1=" " ind2=" " tag="040"><subfield code="a">NYS</subfield><subfield code="b">eng</subfield><subfield code="c">NYS</subfield><subfield code="d">OCLCQ</subfield><subfield code="d">NYS</subfield><subfield code="d">OCLCQ</subfield><subfield code="d">OCLCF</subfield><subfield code="d">OCLCO</subfield></datafield><datafield ind1="1" ind2=" " tag="029"><subfield code="a">AU@</subfield><subfield code="b">000011755264</subfield></datafield><datafield ind1=" " ind2=" " tag="042"><subfield code="a">pcc</subfield></datafield><datafield ind1=" " ind2=" " tag="043"><subfield code="a">n-us-ny</subfield></datafield><datafield ind1="0" ind2=" " tag="130"><subfield code="a">Journal (Long Beach, N.Y.)</subfield></datafield><datafield ind1="1" ind2="4" tag="245"><subfield code="a">The journal.</subfield></datafield><datafield ind1="3" ind2="0" tag="246"><subfield code="a">Long Island journal</subfield></datafield><datafield ind1=" " ind2=" " tag="260"><subfield code="a">Long Beach, N.Y. :</subfield><subfield code="b">L.B. Pub</subfield></datafield><datafield ind1=" " ind2=" " tag="300"><subfield code="a">v.</subfield></datafield><datafield ind1=" " ind2=" " tag="310"><subfield code="a">Weekly</subfield></datafield><datafield ind1="0" ind2=" " tag="362"><subfield code="a">2nd year, issue 49 (Dec. 4, 1975)-</subfield></datafield><datafield ind1=" " ind2="0" tag="651"><subfield code="a">Long Beach (N.Y.)</subfield><subfield code="v">Newspapers.</subfield></datafield><datafield ind1=" " ind2="0" tag="651"><subfield code="a">Nassau County (N.Y.)</subfield><subfield code="v">Newspapers.</subfield></datafield><datafield ind1=" " ind2="7" tag="655"><subfield code="a">Newspapers.</subfield><subfield code="2">fast</subfield><subfield code="0">(OCoLC)fst01423814</subfield></datafield><datafield ind1=" " ind2="7" tag="651"><subfield code="a">New York (State)</subfield><subfield code="z">Long Beach.</subfield><subfield code="2">fast</subfield><subfield code="0">(OCoLC)fst01220448</subfield></datafield><datafield ind1=" " ind2="7" tag="651"><subfield code="a">New York (State)</subfield><subfield code="z">Nassau County.</subfield><subfield code="2">fast</subfield><subfield code="0">(OCoLC)fst01205518</subfield></datafield><datafield ind1=" " ind2=" " tag="752"><subfield code="a">United States</subfield><subfield code="b">New York</subfield><subfield code="c">Nassau</subfield><subfield code="d">Long Beach.</subfield></datafield><datafield ind1="0" ind2=" " tag="775"><subfield code="t">L.I. Journal (Long Beach, N.Y. : City ed.)</subfield><subfield code="w">(DLC)sn 95071146</subfield><subfield code="w">(OCoLC)32158335</subfield></datafield><datafield ind1="0" ind2=" " tag="775"><subfield code="t">L.I. Journal (Long Beach, N.Y. : Oceanside ed.)</subfield></datafield><datafield ind1="0" ind2=" " tag="775"><subfield code="t">Five towns journal</subfield></datafield><datafield ind1="0" ind2=" " tag="775"><subfield code="t">Three towns journal</subfield></datafield><datafield ind1="0" ind2=" " tag="775"><subfield code="t">Baldwin Freeport journal</subfield></datafield><datafield ind1="0" ind2=" " tag="775"><subfield code="t">Valley Stream journal</subfield></datafield><datafield ind1="0" ind2="0" tag="780"><subfield code="t">L.I. journal</subfield><subfield code="w">(DLC)sn 95071144</subfield><subfield code="w">(OCoLC)32158200</subfield></datafield></record>